
@inproceedings{Wilson2010419,
  title={Effect of Consolidation Pressure on Elastic and Strength Properties of Clay},
  author={Wilson, Stanley D and Dietrich, Rudy J},
  booktitle={Research Conference on Shear Strength of Cohesive Soils},
  year={2010},
  pages={419-435},
}

@article{DAppolonia19711359,
  author          = {D'Appolonia, D. J. and Poulos, H. G.},
  title           = {Initial settlement of structure on clay},
  journal         = {Journal of the Soil Mechanics and Foundations Division},
  volume          = {97},
  number          = {SM10},
  year            = {1971},
  pages           = {1359-1376},
}

@inproceedings{Miller1972545,
  author          = {Miller, R. P. and Brown},
  title           = {Shear modulus determination of soils by in-situ methods for earthquake engineering},
  booktitle       = {Proceedings of the International Conference on Microzonnation},
  year            = {1972},
  pages           = {545-558},
}

@article{Kitsunezaki19671,
  author          = {Kitsunezaki, C.},
  title           = {Observation of shear wave by the special borehole geophone (1), field test on foundamental characteristics of the geophone specially designed},
  journal         = {Geophysical Exploration},
  volume          = {20},
  number          = {1},
  year            = {1967},
  pages           = {1-11},
}

@article{Shima19681301,
  author          = {Shima, E.},
  title           = {S wave velocity measurement in subsoil layers at various parts of Tokyo},
  journal         = {Bulletin of the Earthquake Research Institute, University of Tokyo},
  volume          = {46},
  year            = {1968},
  pages           = {1301-1312},
}

@article{Shima1969819,
  author          = {Shima, E.},
  title           = {S wave velocity measurement in subsoil layers at various parts of Tokyo},
  journal         = {Bulletin of the Earthquake Research Institute, University of Tokyo},
  volume          = {47},
  year            = {1969},
  pages           = {819-829},
}

@article{Imai197017,
  author          = {Imai, T. and Yoshimura, M.},
  title           = {Elastic wave velocity and soil mechanics in soft soil deposits},
  journal         = {Tsuchi-to-Kiso},
  volume          = {18},
  number          = {1},
  year            = {1970},
  pages           = {17-21},
}

@inproceedings{Duncan1969101,
  author          = {Duncan, J.M. and Dunlop, P.},
  title           = {The behavior of soils in simple shear tests},
  booktitle       = {Proceedings of Seventh International Conference on Soil Mechanics and Foundation Engineering},
  address         = {Mexico},
  volume          = {1},
  year            = {1969},
  pages           = {101-109},
}

@article{Seed19711099,
  title={Test Procedures for Measuring Soil Liquefaction Characteristics},
  author={Seed, H. Bolton and Peacock, William H},
  journal={Journal of the Soil Mechanics \& Foundations Division},
  volume={97},
  number={SM8},
  pages={1099-1119},
  year={1971},
}

@Article{Hardin1973667,
  author  = {Hardin, B. 0. and Drnevich, V. P.},
  journal = {Journal of the Soil Mechanics and Foundations Division},
  title   = {Shear modulus and damping: equations and curves},
  year    = {1972},
  number  = {SM7},
  pages   = {667-692},
  volume  = {98},
  doi     = {10.1016/0022-4898(73)90211-5},
}

@Article{Brooker19651,
  author  = {Elmer W. Brooker and Herbert O. Ireland},
  journal = {Canadian Geotechnical Journal},
  title   = {Earth Pressures at Rest Related to Stress History},
  year    = {1965},
  issn    = {0008-3674},
  number  = {1},
  pages   = {1-15},
  volume  = {2},
  doi     = {10.1139/t65-001},
}

@Article{Ohsaki197361,
  author  = {Yorihiko Ohsaki and Ryoji Iwasaki},
  journal = {Soils and Foundations},
  title   = {On Dynamic Shear Moduli and Poissonâ€™s Ratios of Soil Deposits},
  year    = {1973},
  issn    = {0038-0806},
  number  = {4},
  pages   = {61-73},
  volume  = {13},
  doi     = {10.3208/sandf1972.13.4_61},
}

@inproceedings{Koizumi1968,
  author          = {Koizumi, Y. and Ito, K.},
  title           = {New method of soil sampling},
  booktitle       = {Proceedings of Sampling Symposium},
  year            = {1968}
}

@article{Mikasa197138,
  author          = {Mikasa, M.},
  title           = {Characteristics of soft deposits in Osaka district},
  journal         = {Architecture and Society, Archtectural Association of Japan},
  volume          = {52},
  number          = {9},
  year            = {1971},
  pages           = {38-42},
}

@article{Yanase196937,
  author          = {Yanase, S.},
  title           = {Soundings in the alluvial clay stratums (On the results of several methods)},
  journal         = {Report of the Port and Hobour Research Institute},
  volume          = {8},
  number          = {1},
  year            = {1969},
  pages           = {37-58},
}